%
%  An example of a bibliographical database for bibTeX
%
%  Recommended software for maintenance of *.bib files:
%    JabRef, http://jabref.sourceforge.net/
%
%  BEWARE:
%
%    *  If a name contains a capital letter, which must be kept such,
%       use curly brackets ({T}hailand, {HIV}).
%
%  ===========================================================================
@article{devlin2018bert,
  title={BERT: Pre-training of Deep Bidirectional Transformers for Language Understanding},
  author={Devlin, Jacob and Chang, Ming-Wei and Lee, Kenton and Toutanova, Kristina},
  journal={arXiv preprint arXiv:1810.04805},
  year={2018}
}

@article{Wolf2019HuggingFacesTS,
  title={HuggingFace's Transformers: State-of-the-art Natural Language Processing},
  author={Thomas Wolf and Lysandre Debut and Victor Sanh and Julien Chaumond and Clement Delangue and Anthony Moi and Pierric Cistac and Tim Rault and R'emi Louf and Morgan Funtowicz and Jamie Brew},
  journal={ArXiv},
  year={2019},
  volume={abs/1910.03771}
}

@inproceedings{inproceedings,
author = {Riedel, Sebastian and Yao, Limin and Mccallum, Andrew},
year = {2010},
month = {09},
pages = {148-163},
title = {Modeling Relations and Their Mentions without Labeled Text},
doi = {10.1007/978-3-642-15939-8_10}
}

@inproceedings{hendrickx-etal-2010-semeval,
    title = "{S}em{E}val-2010 Task 8: Multi-Way Classification of Semantic Relations between Pairs of Nominals",
    author = "Hendrickx, Iris  and
      Kim, Su Nam  and
      Kozareva, Zornitsa  and
      Nakov, Preslav  and
      {\'O} S{\'e}aghdha, Diarmuid  and
      Pad{\'o}, Sebastian  and
      Pennacchiotti, Marco  and
      Romano, Lorenza  and
      Szpakowicz, Stan",
    booktitle = "Proceedings of the 5th International Workshop on Semantic Evaluation",
    month = jul,
    year = "2010",
    address = "Uppsala, Sweden",
    publisher = "Association for Computational Linguistics",
    url = "https://www.aclweb.org/anthology/S10-1006",
    pages = "33--38",
}

@inproceedings{zhang2017tacred,
  author = {Zhang, Yuhao and Zhong, Victor and Chen, Danqi and Angeli, Gabor and Manning, Christopher D.},
  booktitle = {Proceedings of the 2017 Conference on Empirical Methods in Natural Language Processing (EMNLP 2017)},
  title = {Position-aware Attention and Supervised Data Improve Slot Filling},
  url = {https://nlp.stanford.edu/pubs/zhang2017tacred.pdf},
  pages = {35--45},
  year = {2017}
}

@inproceedings{semeval,
author = {Hendrickx, Iris and Kim, Su Nam and Kozareva, Zornitsa and Nakov, Preslav and S\'{e}aghdha, Diarmuid \'{O}. and Pad\'{o}, Sebastian and Pennacchiotti, Marco and Romano, Lorenza and Szpakowicz, Stan},
title = {SemEval-2010 Task 8: Multi-Way Classification of Semantic Relations between Pairs of Nominals},
year = {2010},
publisher = {Association for Computational Linguistics},
address = {USA},
booktitle = {Proceedings of the 5th International Workshop on Semantic Evaluation},
pages = {33–38},
numpages = {6},
location = {Los Angeles, California},
series = {SemEval ’10}
}
  
